<?xml version="1.0" encoding="UTF-8"?><collection xmlns="http://www.loc.gov/MARC21/slim"><record><leader>00545nam--2200193-i-4500</leader><controlfield tag="001">000021376</controlfield><controlfield tag="002">20161230</controlfield><controlfield tag="005">20161230201034</controlfield><controlfield tag="008">060222s1000------------r-----000-0-rum-d</controlfield><datafield ind1=" " ind2=" " tag="040"><subfield code="a">IFIN-HH</subfield></datafield><datafield ind1=" " ind2=" " tag="041"><subfield code="a">rum</subfield></datafield><datafield ind1=" " ind2=" " tag="080"><subfield code="a">621.315.59:537:311.33</subfield></datafield><datafield ind1="1" ind2=" " tag="100"><subfield code="a">Ioffe, A.F</subfield></datafield><datafield ind1="1" ind2="0" tag="245"><subfield code="a">Semiconductorii in fizica moderna</subfield><subfield code="b">Traducere din limba rusa</subfield><subfield code="c">A.f. ioffe</subfield></datafield><datafield ind1=" " ind2=" " tag="260"><subfield code="a">Bucuresti</subfield><subfield code="b">Institutul De Studii Romano-sovietic</subfield><subfield code="c">1954</subfield></datafield><datafield ind1=" " ind2=" " tag="300"><subfield code="a">2 VOLUME</subfield></datafield><datafield ind1=" " ind2=" " tag="787"><subfield code="a">Vol. 2</subfield><subfield code="h">/190p/419p</subfield></datafield><datafield ind1=" " ind2=" " tag="852"><subfield code="a">30</subfield><subfield code="c">537.311.33</subfield></datafield><datafield ind1=" " ind2=" " tag="CAT"><subfield code="a">Sys</subfield><subfield code="c">20110714</subfield><subfield code="h">100107</subfield></datafield></record></collection>